@article{akagiAcceptabilityPurityActs2024,
  title = {Acceptability and {{Purity}} in {{Acts}} 10:35},
  author = {Akagi, Kai},
  date = {2024},
  journaltitle = {Novum Testamentum},
  volume = {66},
  pages = {310--333},
  keywords = {/unread}
}

@article{bakerJubileeMillenniumHoly1998,
  title = {The {{Jubilee}} and the {{Millennium}}: {{Holy}} Years in the {{Bible}} and Their Relevance Today},
  author = {Baker, David L.},
  date = {1998},
  journaltitle = {Themelios},
  volume = {24},
  number = {1},
  pages = {44--69},
  keywords = {/unread}
}

@book{kimReadingIsaiahLiterary2016,
  title = {Reading {{Isaiah}}: {{A Literary}} and {{Theological Commentary}}},
  author = {Kim, Hyun Chul Paul},
  date = {2016},
  series = {Reading the {{Old Testament}}},
  publisher = {Smyth \& Helwys Publishing, Inc.},
  location = {Macon, GA},
  keywords = {unread}
}

@book{oswaltBookIsaiahChapters1986,
  title = {The {{Book}} of {{Isaiah}}: {{Chapters}} 1–39},
  author = {Oswalt, John N.},
  date = {1986},
  series = {New {{International Commentary}} on the {{Old Testament}}},
  publisher = {Eerdmans Publishing},
  location = {Grand Rapids},
  keywords = {unread}
}

@book{oswaltBookIsaiahChapters1998,
  title = {The {{Book}} of {{Isaiah}}: {{Chapters}} 40–66},
  author = {Oswalt, John N.},
  date = {1998},
  series = {New {{International Commentary}} on the {{Old Testament}}},
  publisher = {Eerdmans Publishing},
  location = {Grand Rapids},
  isbn = {978-0-8028-2534-6},
  pagetotal = {755},
  keywords = {unread}
}

